<record><leader>00000cas a22000007a 4500</leader><controlfield tag="001">13503911</controlfield><controlfield tag="008">860428d190419uuinuwr ne      0    0eng d</controlfield><datafield ind1=" " ind2=" " tag="010"><subfield code="a">sn 86058509 </subfield></datafield><datafield ind1=" " ind2=" " tag="040"><subfield code="a">NPI</subfield><subfield code="b">eng</subfield><subfield code="c">NPI</subfield><subfield code="d">OCLCQ</subfield></datafield><datafield ind1=" " ind2=" " tag="042"><subfield code="a">msc</subfield></datafield><datafield ind1="0" ind2=" " tag="130"><subfield code="a">Truth (Morgantown, Ind.)</subfield></datafield><datafield ind1="1" ind2="4" tag="245"><subfield code="a">The truth.</subfield></datafield><datafield ind1=" " ind2=" " tag="260"><subfield code="a">Morgantown, Ind. :</subfield><subfield code="b">J. Orville Wood,</subfield><subfield code="c">1904-</subfield></datafield><datafield ind1=" " ind2=" " tag="300"><subfield code="a">v. :</subfield><subfield code="b">ill.</subfield></datafield><datafield ind1=" " ind2=" " tag="310"><subfield code="a">Weekly</subfield></datafield><datafield ind1="0" ind2=" " tag="362"><subfield code="a">Vol. 9, no. 42 (July 1, 1904)-</subfield></datafield><datafield ind1="1" ind2=" " tag="362"><subfield code="a">Ceased between 1904 and 1910.</subfield></datafield><datafield ind1=" " ind2=" " tag="500"><subfield code="a">Politically independent Cf. Miller.</subfield></datafield><datafield ind1=" " ind2=" " tag="752"><subfield code="a">United States</subfield><subfield code="b">Indiana</subfield><subfield code="c">Morgan</subfield><subfield code="d">Morgantown.</subfield></datafield><datafield ind1="0" ind2="0" tag="780"><subfield code="t">Morgantown truth (Morgantown, Ind. : 1895)</subfield><subfield code="w">(DLC)sn 86058508</subfield></datafield><datafield ind1="0" ind2="0" tag="785"><subfield code="t">Morgantown truth (Morgantown, Ind. : 1910)</subfield><subfield code="w">(DLC)sn 86058510</subfield></datafield><datafield ind1="1" ind2=" " tag="029"><subfield code="a">AU@</subfield><subfield code="b">000025803733</subfield></datafield></record>